% This file was created with JabRef 2.8.1.
% For more info: https://www.overleaf.com/learn/latex/bibliography_management_with_bibtex
% Encoding: Cp1252
% THING{name,
%  title = {},
%  publisher = {},
%  year = {},
%  author = {},
%  URL = {}
%}

@ARTICLE{Purcell:2012,
  title = {{G}o {O}n a {P}article {Q}uest at the {F}irst {CERN} {W}ebfest},
  publisher = {CERN Publications},
  year = {2012},
  author = {Andrew Purcell},
  URL = {https://cds.cern.ch/record/1473657}
}

@misc{Goulette:2012,
  title = {{W}hat should we know about the {H}iggs particle?},
  year = {2012},
  author = {Marc Goulette},
  URL = {https://atlas.cern/updates/atlas-blog/what-should-we-know-about-higgs-particle}
}

@book{Hansen:2015,
  title = {Particle detectors and accelerators, Lecture notes},
  publisher = {University of Copenhagen},
  year = {2015},
  author = {Peter Hansen},
  edition = {second edition}
}

@misc{LuminosityPublicResultsRun2_lum,
  title = {LuminosityPublicResultsRun2 public results},
  author = {The ATLAS Collaboration},
  URL = {https://twiki.cern.ch/twiki/bin/view/AtlasPublic/LuminosityPublicResultsRun2%5C#Multiple_Year_Collision_Plots}
}

@misc{LuminosityPublicResultsRun2_pileup,
  title = {LuminosityPublicResultsRun2 public results},
  author = {The ATLAS Collaboration},
  URL = {https://twiki.cern.ch/twiki/bin/view/AtlasPublic/LuminosityPublicResultsRun2#Pileup_Interactions_and_Data_Tak}
}

@misc{CERN_writing_guidelines,
  title = {CERN writing guidelines - Inverse femtobarn},
  URL = {https://writing-guidelines.web.cern.ch/entries/inverse-femtobarn}
}

@book{schwartz:2006,
  title = {Quantum Field Theory and the Standard Model},
  edition = {1st Edition},
  publisher = {Cambridge University Press},
  year = {2013},
  author = {Matthew D. Schwartz},
  ISBN = {978-1-107-03473-0}
}

@book{srednicki:2006,
  title = {Quantum Field Theory},
  edition = {1st Edition},
  publisher = {Cambridge University Press},
  year = {2006},
  author = {Mark Srednicki},
  ISBN = {978-0-521-86449-7}
}

@article{CMS_doc,
  title = {The CMS experiment at the CERN LHC},
  publisher = {Journal of Instrumentation},
  year = {2008},
  author = {The CMS Collaboration},
  URL = {https://iopscience.iop.org/article/10.1088/1748-0221/3/08/S08004}
}

@article{ALICE_doc,
  title = {The ALICE experiment at the CERN LHC},
  publisher = {CERN Geneva},
  year = {2010},
  author = {The ALICE Collaboration},
  URL = {https://cds.cern.ch/record/1129812}
}

@article{LHCb_doc,
  title = {The LHCb Detector at the LHC},
  publisher = {Journal of Instrumentation},
  year = {2008},
  author = {The LHCb Collaboration},
  URL = {https://iopscience.iop.org/article/10.1088/1748-0221/3/08/S08005}
}

@article{ATLAS_doc,
  title = {The ATLAS Experiment at the CERN Large Hadron Collider},
  publisher = {CERN Geneva},
  year = {2008},
  author = {The ATLAS Collaboration},
  URL = {https://cds.cern.ch/record/1129811}
}

@misc{CERN_complex,
  title = {The CERN accelerator complex},
  year = {2016},
  URL = {https://cds.cern.ch/record/2197559}
}

@misc{ATLAS_detector,
  title = {Computer generated image of the whole ATLAS detector},
  author = {The ATLAS Collaboration},
  year = {2008},
  URL = {https://atlas.cern/discover/detector}
}

@mastersthesis{Hasselgren:2018,
  title = {Using Machine Learning for imporving identification 
           of electrons in the ATLAS experiment},
  year = {2018},
  month = {December},
  type = {Masterthesis},
  school = {The Niels Bohr University, University of Copenhagen},
  author = {Stefan Dahl Hasselgren}
}

@mastersthesis{Henckel:2019,
  title = {Cleaning and Training},
  year = {2019},
  month = {September},
  type = {Masterthesis},
  school = {The Niels Bohr University, University of Copenhagen},
  author = {Benjamin. K Henckel}
}

@mastersthesis{Ehrke:2019,
  title = {Machine Learning and Electrons},
  year = {2019},
  month = {September},
  type = {Masterthesis},
  school = {The Niels Bohr University, University of Copenhagen},
  author = {Lukas Fabian Ehrke}
}

@misc{LightGBM_docs,
  title = {LightGBM documentation},
  url = {https://lightgbm.readthedocs.io/en/latest/}
}

@misc{XGBoost_docs,
  title = {XGBoost documentation},
  url = {https://xgboost.readthedocs.io/en/latest/}
}

@misc{loss_comparison,
  title = {5 Regression Loss Functions All Machine Learners Should Know},
  author = {Prince Grover},
  year = {2018},
  url = {https://heartbeat.fritz.ai/5-regression-loss-functions-all-machine-learners-should-know-4fb140e9d4b0}
}

@misc{ATLAS_future,
  title = {The ATLAS	upgrade programme for LHC	Run-3	and	the HL-LHC},
  author = {ATLAS	Collaboration},
  presenter = {Edson	Carquín López},
  year = {2015},
  month = {August},
  url = {https://indico.cern.ch/event/338357/contributions/1729844/attachments/1143226/1638235/Lopez.pdf}
}

@misc{HL-LHC,
  title = {High-Luminosity LHC},
  author = {CERN Geneva},
  url = {https://home.cern/resources/faqs/high-luminosity-lhc}
}

@article{CMS:2012:Higgs,
    author  = "S. Chatrchyan et al",
    title   = "Observation of a new boson at a mass of 125 GeV with the CMS experiment at the LHC",
    year    = "2012",
    month   = "September",
    journal = "Physics Letters B",
    volume  = "716",
    number  = "1",
    pages   = "30-61",
    url = "https://www.sciencedirect.com/science/article/pii/S0370269312008581"
}

@article{ATLAS:2012:Higgs,
    author  = "G. Aad et al",
    title   = "Observation of a new particle in the search for the Standard Model Higgs boson with the ATLAS detector at the LHC",
    year    = "2012",
    month   = "September",
    journal = "Physics Letters B",
    volume  = "716",
    number  = "1",
    pages   = "1-29",
    url = "https://www.sciencedirect.com/science/article/pii/S0370269312008581"
}

@misc{ATLAS_facts,
  title = "ATLAS Fact Sheet",
  author = "ATLAS Collaboration",
  year = "2011",
  url = "https://cds.cern.ch/record/1457044/files/ATLAS%20fact%20sheet.pdf"
}

@article{Potamianos:2016,
  author  = "Karolos Potamianos",
  title = "The upgraded Pixel detector and the commissioning of the Inner Detector tracking of the ATLAS experiment for Run-2 at the Large Hadron Collider",
  year = "2016",
  url = "arXiv:1608.07850"
}

@article{Primor:2019,
author = {Primor, David and Messer, Hagit and Mikenberg, Giora},
year = {2019},
month = {12},
title = {Local tracking in the ATLAS muon spectrometer},
url = "https://www.researchgate.net/publication/50403333_Local_tracking_in_the_ATLAS_muon_spectrometer"
}

@misc{Pequenao:2008,
  title = "Event Cross Section in a computer generated image of the ATLAS detector.",
  author = "Joao Pequenao",
  year = "2008",
  url = "https://cds.cern.ch/record/1096081"
}

@article{Aad:2008,
  title = "ATLAS pixel detector electronics and sensors",
  author = "Aad, G. et al",
  year = "2008",
  journal = "Journal of Instrumentation",
  url = "https://iopscience.iop.org/article/10.1088/1748-0221/3/07/P07007/meta"
}

@article{trigger:2012,
  title = "Performance of the ATLAS trigger system in 2010",
  author = "The ATLAS Collaboration",
  year = "2012",
  journal = "The European Physical Journal C",
  url = "https://link.springer.com/article/10.1140%2Fepjc%2Fs10052-011-1849-1"
}

@article{trigger:2017,
  title = "Performance of the ATLAS trigger system in 2015",
  author = "The ATLAS Collaboration",
  year = "2017",
  journal = "The European Physical Journal C",
  url = "https://link.springer.com/article/10.1140%2Fepjc%2Fs10052-017-4852-3"
}

@article{Capeans:2010,
  title = "ATLAS Insertable B-Layer Technical Design Report",
  year = "2010",
  author = "Capeans, M. et al",
  url = "https://cds.cern.ch/record/1291633"
}

@article{Turner:2012,
  author  = "Turner, J. (On behalf ofthe ATLAS Liquid Argon Calorimeter Group)",
  title   = "Upgrade Plans for ATLAS Forward Calorimetry for the HL-LHC",
  year    = "2012",
  journal = "Physics Procedia",
  volume  = "37",
  pages   = "301-308",
  url = "https://www.sciencedirect.com/science/article/pii/S1875389212016926"
}

@article{Gillberg:2010,
  author  = "Gillberg, D. (On behalf ofthe ATLAS Liquid Argon Calorimeter Group)",
  title   = "Performance of the ATLAS Forward Calorimeters in First LHC Data",
  year    = "2010",
  journal = "Journal of Physics: Conference Series",
  volume  = "293",
  number = "1",
  url = "https://iopscience.iop.org/article/10.1088/1742-6596/293/1/012041"
}

@article{Richter:2018,
  author  = "Richter, Stefan",
  title   = "Measurements of ZZ production with the ATLAS detector and simulation of loop-induced processes with the HERWIG event generator",
  year    = "2018",
  month   = "June", 
  url = "https://iopscience.iop.org/article/10.1088/1742-6596/293/1/012041"
}

@misc{etaplot,
  title = "How to draw diagrams in LaTeX with TikZ",
  note = "Used for eta plot",
  year = "2018",
  author = "Univeristy of Zürich",
  url = "https://wiki.physik.uzh.ch/cms/latex:tikz"
}

@misc{Woodruff:2017,
  title = "Introduction to boosted decision trees",
  author = "Woodruff, Katherine",
  year = "2017",
  university = "New Mexico State University",
  url = "https://indico.fnal.gov/event/15356/contribution/1/material/slides/0.pdf"
}

@misc{Adaboost_doc,
  title = "sklearn - Adaboost documentation",
  url = "https://scikit-learn.org/stable/modules/generated/sklearn.ensemble.AdaBoostClassifier.html"
}

@misc{gboosting_doc,
  title = "sklearn - Gradient Boosting documentation",
  url = "https://scikit-learn.org/stable/modules/generated/sklearn.ensemble.GradientBoostingClassifier.html"
}

@misc{RF_doc,
  title = "sklearn - Random Forest documentation",
  url = "https://scikit-learn.org/stable/modules/generated/sklearn.ensemble.RandomForestClassifier.html"
}

@article{Rauch:2016,
  author = "Michael Rauch",
  year = "2016",
  title = "Vector-Boson Fusion and Vector-Boson Scattering",
  url = "https://arxiv.org/abs/1610.08420"
}

@article{Scott:2019,
  author = "Scott M. Lundberg, Gabriel G. Erion, Su-In Lee",
  title = "Consistent Individualized Feature Attribution for Tree
          Ensembles",
  year = "2019",
  url = "https://arxiv.org/abs/1802.03888"
}

@misc{Egam_XAODderv,
  title = "Twiki: egamma xAOD derivations",
  author = "The ATLAS Collaboration",
  note = "Requires ATLAS login",
  url = "https://twiki.cern.ch/twiki/bin/viewauth/AtlasProtected/EGammaxAODDerivations"
}

@article{recon:2014,
  title = "Electron reconstruction and identification efficiency measurements with the ATLAS detector using the 2011 LHC proton-proton collision data",
  author = "The ATLAS Collaboration",
  year    = "2014",
  journal = "European Physical Journal C",
  volume  = "74:2941",
  url = "https://arxiv.org/abs/1404.2240"
}

@misc{GBReweighter_docs,
  author = "Alex Rogozhnikov",
  title = "Reweighting with Boosted Decision Trees",
  year = "2015",
  url = "https://arogozhnikov.github.io/2015/10/09/gradient-boosted-reweighter.html"
}

@misc{summary_plots,
  title = "Summary plots from the ATLAS Standard Model physics group",
  author = "The ATLAS Collaboration",
  year = "2018",
  url = "https://atlas.web.cern.ch/Atlas/GROUPS/PHYSICS/CombinedSummaryPlots/SM/"
}

@misc{Herr:2009,
  year = "2009",
  author = "Werner Herr and Bruno Muratori",
  title = "Concept of luminosity",
  url = "http://cds.cern.ch/record/941318/files/p361.pdf?version=1"
}

@misc{fwd_plots_thingy,
  title = "'Forward electron identification efficiency measurements and energy calibration' plots",
  year = "2019",
  author = "The ATLAS Collaboration",
  url = "https://atlas.web.cern.ch/Atlas/GROUPS/PHYSICS/PLOTS/EGAM-2019-03/index.html"
}

@article{W-boson:1983,
  author  = "The UA1 Collaboration",
  title   = "Experimental observation of isolated large transverse energy electrons with associated missing energy at s=540GeV",
  year    = "1983",
  journal = "Physics Letters B",
  volume  = "122",
  number = "1",
  pages = "103-116",
  url = "https://www.sciencedirect.com/science/article/abs/pii/0370269383911772"
}

@article{W-boson_2:1983,
  author  = "The UA1 Collaboration",
  title   = "Observation of single isolated electrons of high transverse momentum in events with missing transverse energy at the CERN pp collider",
  year    = "1983",
  journal = "Physics Letters B",
  volume  = "122",
  number = "5-6",
  pages = "476-485",
  url = "https://www.sciencedirect.com/science/article/abs/pii/0370269383916052"
}

@misc{Egamma_var_list,
  title = "xAOD Egamma Variables",
  author = "The ATLAS Collaboration",
  year = "2019",
  note = "Requires an ATLAS user",
  url = "https://twiki.cern.ch/twiki/bin/viewauth/AtlasProtected/EGammaD3PDtoxAOD?fbclid=IwAR1kqCalOFtDy40GxylnS7Fua9njSkYlw7H7iAhGIHIEb_IT6_8yZzbMYRQ"
}

@misc{OQ_list,
  title = "LArCleaningAndObjectQuality",
  author = "The ATLAS Collaboration",
  year = "2016",
  note = "Requires an ATLAS user",
  url = "https://twiki.cern.ch/twiki/bin/view/AtlasProtected/LArCleaningAndObjectQuality"
}

@article{Cluster_article,
  author  = "The ATLAS collaboration",
  title   = "Electron and photon reconstruction and performance in ATLAS using a dynamical, topological cell clustering-based approach",
  year    = "2017",
  number  = "ATL-PHYS-PUB-2017-022",
  url = "https://cds.cern.ch/record/2298955"
}

@article{Topo_Cluster_article,
  author  = "G. Aad, B. Abbott et al.",
  title   = "Topological cell clustering in the ATLAS calorimeters and its performance in LHC Run 1",
  year    = "2017",
  journal = "The European Physical Journal C",
  volume  = "77",
  url = "https://arxiv.org/abs/1603.02934"
}

@misc{overunderfit,
  title = "Underfitting vs. Overfitting",
  year = "2019",
  author = "scikit-learn developers",
  url = "https://scikit-learn.org/stable/auto_examples/model_selection/plot_underfitting_overfitting.html"
}

@misc{BDT_example,
  title = "Decision Tree",
  author = "Shubham Gupta",
  url = "https://www.hackerearth.com/practice/machine-learning/machine-learning-algorithms/ml-decision-tree/tutorial/"
}